[gd_scene load_steps=6 format=2]

[ext_resource path="res://kerno/fenestroj/tipo_d1.tscn" type="PackedScene" id=1]
[ext_resource path="res://blokoj/items/scriptoj/items_menuo.gd" type="Script" id=2]
[ext_resource path="res://kerno/menuo/resursoj/icons/tab2a.png" type="Texture2D" id=3]
[ext_resource path="res://kerno/menuo/resursoj/icons/tab3a.png" type="Texture2D" id=4]
[ext_resource path="res://kerno/menuo/resursoj/icons/tab1a.png" type="Texture2D" id=5]

[node name="items_menuo" instance=ExtResource( 1 )]
script = ExtResource( 2 )

[node name="VBox" parent="." index="0"]
visible = false
offset_right = 461.0
offset_bottom = 400.0

[node name="HBox_top" parent="VBox" index="0"]
offset_right = 461.0

[node name="top_texture2" parent="VBox/HBox_top" index="1"]
offset_right = 461.0

[node name="HBox_buttons" parent="VBox/HBox_top/top_texture2" index="0"]
anchor_left = -3.22258e-12
anchor_right = 1.0
offset_right = 1.0

[node name="menuo_name" parent="VBox/HBox_top/top_texture2/HBox_buttons" index="0"]
offset_right = 393.0
text = "Имущество"

[node name="Button_fix" parent="VBox/HBox_top/top_texture2/HBox_buttons" index="1"]
visible = false

[node name="Button_" parent="VBox/HBox_top/top_texture2/HBox_buttons" index="2"]
visible = false

[node name="Button_min" parent="VBox/HBox_top/top_texture2/HBox_buttons" index="3"]
offset_left = 397.0
offset_right = 417.0

[node name="Button_full" parent="VBox/HBox_top/top_texture2/HBox_buttons" index="4"]
visible = false

[node name="Button_x" parent="VBox/HBox_top/top_texture2/HBox_buttons" index="5"]
offset_left = 421.0
offset_right = 440.0

[node name="body_texture" parent="VBox" index="1"]
offset_right = 461.0
offset_bottom = 378.0

[node name="HSplit" parent="VBox/body_texture" index="1"]
anchor_left = -1.4782e-07
anchor_top = 0.0100214
anchor_bottom = 1.01002
offset_left = 11.0001
offset_top = 7.43237
offset_right = -9.99994
offset_bottom = -4.56763
theme_override_constants/autohide = 0
split_offset = 1

[node name="VBoxContainer" type="VBoxContainer" parent="VBox/body_texture/HSplit" index="0"]
offset_right = 364.0
offset_bottom = 344.0
size_flags_horizontal = 3

[node name="HBoxContainer" type="HBoxContainer" parent="VBox/body_texture/HSplit/VBoxContainer" index="0"]
offset_right = 364.0
offset_bottom = 23.0
alignment = 2

[node name="Label" type="Label" parent="VBox/body_texture/HSplit/VBoxContainer/HBoxContainer" index="0"]
offset_left = 154.0
offset_top = 3.0
offset_right = 219.0
offset_bottom = 20.0
size_flags_horizontal = 9
text = "Фильтр:"

[node name="Button" type="Button" parent="VBox/body_texture/HSplit/VBoxContainer/HBoxContainer" index="1"]
offset_left = 223.0
offset_right = 253.0
offset_bottom = 23.0
custom_minimum_size = Vector2( 30, 0 )
icon = ExtResource( 5 )
flat = true
align = 2
expand_icon = true
__meta__ = {
"_edit_use_anchors_": false
}

[node name="Button2" type="Button" parent="VBox/body_texture/HSplit/VBoxContainer/HBoxContainer" index="2"]
offset_left = 257.0
offset_right = 287.0
offset_bottom = 23.0
custom_minimum_size = Vector2( 30, 0 )
icon = ExtResource( 3 )
flat = true
align = 2
expand_icon = true
__meta__ = {
"_edit_use_anchors_": false
}

[node name="Button3" type="Button" parent="VBox/body_texture/HSplit/VBoxContainer/HBoxContainer" index="3"]
offset_left = 291.0
offset_right = 321.0
offset_bottom = 23.0
custom_minimum_size = Vector2( 30, 0 )
icon = ExtResource( 4 )
flat = true
align = 2
expand_icon = true
__meta__ = {
"_edit_use_anchors_": false
}

[node name="Button4" type="Button" parent="VBox/body_texture/HSplit/VBoxContainer/HBoxContainer" index="4"]
offset_left = 325.0
offset_right = 364.0
offset_bottom = 23.0
size_flags_horizontal = 9
text = "Всё"
flat = true
align = 2
expand_icon = true
__meta__ = {
"_edit_use_anchors_": false
}

[node name="ItemList" type="ItemList" parent="VBox/body_texture/HSplit/VBoxContainer" index="1"]
visible = false
offset_top = 27.0
offset_right = 210.0
offset_bottom = 183.0
size_flags_horizontal = 3
size_flags_vertical = 3
items = [ "Элемент 0", ExtResource( 3 ), false, "Элемент 1", ExtResource( 4 ), false, "Элемент 2", ExtResource( 5 ), false, "Элемент 3", ExtResource( 3 ), false, "Элемент 4", null, false ]
allow_reselect = true
fixed_icon_size = Vector2( 15, 15 )

[node name="Tree" type="Tree" parent="VBox/body_texture/HSplit/VBoxContainer" index="2"]
offset_top = 27.0
offset_right = 364.0
offset_bottom = 343.0
size_flags_horizontal = 3
size_flags_vertical = 3
allow_reselect = true
allow_rmb_select = true

[node name="VBoxContainer2" type="VBoxContainer" parent="VBox/body_texture/HSplit" index="1"]
offset_left = 376.0
offset_right = 440.0
offset_bottom = 344.0

[node name="HBoxContainer" type="HBoxContainer" parent="VBox/body_texture/HSplit/VBoxContainer2" index="0"]
offset_right = 64.0
offset_bottom = 23.0

[node name="button" type="Button" parent="VBox/body_texture/HSplit/VBoxContainer2/HBoxContainer" index="0"]
offset_right = 64.0
offset_bottom = 23.0
text = "button"

[node name="ItemList2" type="ItemList" parent="VBox/body_texture/HSplit/VBoxContainer2" index="1"]
offset_top = 27.0
offset_right = 64.0
offset_bottom = 343.0
size_flags_horizontal = 3
size_flags_vertical = 3
items = [ "Элемент 0", null, false ]

[node name="HBox_bottom" parent="VBox" index="2"]
offset_top = 378.0
offset_right = 461.0
offset_bottom = 400.0

[node name="bottom_texture1" parent="VBox/HBox_bottom" index="0"]
offset_right = 439.0

[node name="bottom_texture2" parent="VBox/HBox_bottom" index="1"]
offset_left = 439.0
offset_right = 461.0

[connection signal="focus_entered" from="." to="." method="_on_tipo_a1_focus_entered"]
[connection signal="gui_input" from="." to="." method="_on_tipo_a1_gui_input"]
[connection signal="mouse_entered" from="." to="." method="_on_tipo_a1_mouse_entered"]
[connection signal="size_flags_changed" from="." to="." method="_on_tipo_a1_size_flags_changed"]
[connection signal="focus_entered" from="VBox" to="." method="_on_VBox_focus_entered"]
[connection signal="cell_selected" from="VBox/body_texture/HSplit/VBoxContainer/Tree" to="." method="_on_Tree_cell_selected"]
[connection signal="focus_entered" from="VBox/body_texture/HSplit/VBoxContainer/Tree" to="." method="_on_fenestro_supren"]
[connection signal="pressed" from="VBox/body_texture/HSplit/VBoxContainer2/HBoxContainer/button" to="." method="_on_toStacio_pressed"]
[connection signal="focus_entered" from="VBox/body_texture/HSplit/VBoxContainer2/ItemList2" to="." method="_on_fenestro_supren"]
