[gd_scene load_steps=3 format=2]

[ext_resource path="res://blokoj/taskoj/skriptoj/taskoj.gd" type="Script" id=1]
[ext_resource path="res://kerno/fenestroj/tipo_a1.tscn" type="PackedScene" id=2]

[node name="Taskoj" instance=ExtResource( 2 )]
offset_left = 121.901
offset_top = 278.253
offset_right = 121.901
offset_bottom = 278.253
script = ExtResource( 1 )

[node name="VBox" parent="." index="0"]
visible = false
offset_left = -90.4413
offset_top = -244.192
offset_right = 122.559
offset_bottom = -29.1916

[node name="HBox_top" parent="VBox" index="0"]
offset_right = 213.0

[node name="top_texture2" parent="VBox/HBox_top" index="1"]
offset_right = 213.0

[node name="menuo_name" parent="VBox/HBox_top/top_texture2/HBox_buttons" index="0"]
offset_right = 144.0
text = "Проекты"

[node name="Button_fix" parent="VBox/HBox_top/top_texture2/HBox_buttons" index="1"]
visible = false
offset_left = 102.0
offset_right = 121.0

[node name="Button_" parent="VBox/HBox_top/top_texture2/HBox_buttons" index="2"]
visible = false
offset_left = 125.0
offset_right = 144.0

[node name="Button_min" parent="VBox/HBox_top/top_texture2/HBox_buttons" index="3"]
offset_left = 148.0
offset_right = 168.0

[node name="Button_full" parent="VBox/HBox_top/top_texture2/HBox_buttons" index="4"]
visible = false
offset_left = 148.0
offset_right = 168.0

[node name="Button_x" parent="VBox/HBox_top/top_texture2/HBox_buttons" index="5"]
offset_left = 172.0
offset_right = 191.0

[node name="body_texture" parent="VBox" index="1"]
offset_right = 213.0
offset_bottom = 193.0

[node name="ItemList" type="ItemList" parent="VBox/body_texture" index="1"]
anchor_right = 1.0
anchor_bottom = 1.0
offset_left = 6.0
offset_top = 6.0
offset_right = -6.0
__meta__ = {
"_edit_use_anchors_": false
}

[node name="HBox_bottom" parent="VBox" index="2"]
offset_top = 193.0
offset_right = 213.0
offset_bottom = 215.0

[node name="bottom_texture1" parent="VBox/HBox_bottom" index="0"]
offset_right = 191.0

[node name="bottom_texture2" parent="VBox/HBox_bottom" index="1"]
offset_left = 191.0
offset_right = 213.0

[connection signal="focus_entered" from="VBox/body_texture/ItemList" to="." method="_on_ItemList_focus_entered"]
[connection signal="item_activated" from="VBox/body_texture/ItemList" to="." method="_on_ItemList_item_activated"]
